<collection xmlns="http://www.loc.gov/MARC21/slim">
   <record>
      <leader>02337nam a2200421 i 4500</leader>
      <controlfield tag="001">6675253</controlfield>
      <controlfield tag="003">OCoLC</controlfield>
      <controlfield tag="005">20140911104924.0</controlfield>
      <controlfield tag="008">131119t20152015onca     b    001 0 eng  </controlfield>
      <datafield ind1=" " ind2=" " tag="016">
         <subfield code="a">20139071164</subfield>
      </datafield>
      <datafield ind1=" " ind2=" " tag="020">
         <subfield code="a">9780205843718 (pbk.)</subfield>
      </datafield>
      <datafield ind1=" " ind2=" " tag="020">
         <subfield code="a">0205843719 (pbk.)</subfield>
      </datafield>
      <datafield ind1=" " ind2=" " tag="035">
         <subfield code="a">ocn890514649</subfield>
      </datafield>
      <datafield ind1=" " ind2=" " tag="040">
         <subfield code="a">NLC</subfield>
         <subfield code="b">eng</subfield>
         <subfield code="e">rda</subfield>
         <subfield code="c">NLC</subfield>
         <subfield code="d">OCLCO</subfield>
         <subfield code="d">OCLCF</subfield>
         <subfield code="d">OCLCO</subfield>
         <subfield code="d">AEU</subfield>
      </datafield>
      <datafield ind1=" " ind2="0" tag="055">
         <subfield code="a">HQ796</subfield>
         <subfield code="b">M35 2014</subfield>
      </datafield>
      <datafield ind1="0" ind2="4" tag="082">
         <subfield code="a">305.235</subfield>
         <subfield code="2">23</subfield>
      </datafield>
      <datafield ind1=" " ind2=" " tag="090">
         <subfield code="a">HQ 796 M386 2015</subfield>
         <subfield code="b">AEU</subfield>
      </datafield>
      <datafield ind1="1" ind2=" " tag="100">
         <subfield code="a">McMahan, Ian,</subfield>
         <subfield code="d">1940- ,</subfield>
         <subfield code="e">author.</subfield>
         <subfield code="0">http://id.loc.gov/authorities/names/n2008026093</subfield>
         <subfield code="0">http://viaf.org/viaf/80969995</subfield>
      </datafield>
      <datafield ind1="1" ind2="0" tag="245">
         <subfield code="a">Adolescence /</subfield>
         <subfield code="c">Ian McMahan, Brooklyn College, CUNY, Susan Thompson, Kwantlen Polytechnic University.</subfield>
      </datafield>
      <datafield ind1=" " ind2=" " tag="250">
         <subfield code="a">Canadian edition.</subfield>
      </datafield>
      <datafield ind1=" " ind2="1" tag="264">
         <subfield code="a">Toronto :</subfield>
         <subfield code="b">Pearson,</subfield>
         <subfield code="c">[2015].</subfield>
      </datafield>
      <datafield ind1=" " ind2="4" tag="264">
         <subfield code="c">©2015.</subfield>
      </datafield>
      <datafield ind1=" " ind2=" " tag="300">
         <subfield code="a">xv, 561 pages :</subfield>
         <subfield code="b">illustrations (chiefly colour) ;</subfield>
         <subfield code="c">28 cm.</subfield>
      </datafield>
      <datafield ind1=" " ind2=" " tag="336">
         <subfield code="a">text</subfield>
         <subfield code="b">txt</subfield>
         <subfield code="2">rdacontent</subfield>
         <subfield code="0">http://id.loc.gov/vocabulary/contentTypes/txt</subfield>
      </datafield>
      <datafield ind1=" " ind2=" " tag="337">
         <subfield code="a">unmediated</subfield>
         <subfield code="b">n</subfield>
         <subfield code="2">rdamedia</subfield>
         <subfield code="0">http://id.loc.gov/vocabulary/mediaTypes/n</subfield>
      </datafield>
      <datafield ind1=" " ind2=" " tag="338">
         <subfield code="a">volume</subfield>
         <subfield code="b">nc</subfield>
         <subfield code="2">rdacarrier</subfield>
         <subfield code="0">http://id.loc.gov/vocabulary/carriers/nc</subfield>
      </datafield>
      <datafield ind1=" " ind2=" " tag="504">
         <subfield code="a">Includes bibliographical references (p. 471-540) and indexes.</subfield>
      </datafield>
      <datafield ind1=" " ind2=" " tag="596">
         <subfield code="a">41 43</subfield>
      </datafield>
      <datafield ind1=" " ind2="0" tag="650">
         <subfield code="a">Adolescence</subfield>
         <subfield code="v">Textbooks.</subfield>
      </datafield>
      <datafield ind1="1" ind2=" " tag="700">
         <subfield code="a">Thompson, Susan,</subfield>
         <subfield code="d">1966-,</subfield>
         <subfield code="e">author.</subfield>
         <subfield code="0">http://viaf.org/viaf/105681016</subfield>
      </datafield>
      <datafield ind1=" " ind2=" " tag="758">
         <subfield code="0">http://worldcat.org/entity/work/id/4387944</subfield>
      </datafield>
      <datafield ind1="0" ind2=" " tag="787">
         <subfield code="n">OCLC Work Id</subfield>
         <subfield code="o">http://worldcat.org/entity/work/id/4387944</subfield>
      </datafield>
      <datafield ind1=" " ind2=" " tag="926">
         <subfield code="a">HQ 796 M386 2015</subfield>
         <subfield code="w">LC</subfield>
         <subfield code="c">1</subfield>
         <subfield code="i">0162034537561</subfield>
         <subfield code="d">4/10/2017</subfield>
         <subfield code="e">4/8/2017</subfield>
         <subfield code="k">RESERVES</subfield>
         <subfield code="l">FLOOR_2</subfield>
         <subfield code="m">UAEDUC</subfield>
         <subfield code="n">120</subfield>
         <subfield code="p">$150.00</subfield>
         <subfield code="r">Y</subfield>
         <subfield code="s">Y</subfield>
         <subfield code="t">SHORT_LOAN</subfield>
         <subfield code="u">9/11/2014</subfield>
      </datafield>
      <datafield ind1=" " ind2=" " tag="926">
         <subfield code="a">HQ 796 M386 2015</subfield>
         <subfield code="w">LC</subfield>
         <subfield code="c">2</subfield>
         <subfield code="i">0162033596162</subfield>
         <subfield code="d">4/9/2017</subfield>
         <subfield code="e">4/9/2017</subfield>
         <subfield code="k">RESERVES</subfield>
         <subfield code="l">FLOOR_2</subfield>
         <subfield code="m">UAEDUC</subfield>
         <subfield code="n">125</subfield>
         <subfield code="p">$150.00</subfield>
         <subfield code="r">Y</subfield>
         <subfield code="s">Y</subfield>
         <subfield code="t">SHORT_LOAN</subfield>
         <subfield code="u">12/2/2014</subfield>
         <subfield code="0">TEXTBOOK</subfield>
      </datafield>
      <datafield ind1=" " ind2=" " tag="926">
         <subfield code="a">HQ 796 M386 2015</subfield>
         <subfield code="w">LC</subfield>
         <subfield code="c">3</subfield>
         <subfield code="i">0162034242865</subfield>
         <subfield code="d">4/7/2017</subfield>
         <subfield code="e">4/7/2017</subfield>
         <subfield code="k">RESERVES</subfield>
         <subfield code="l">FLOOR_2</subfield>
         <subfield code="m">UAEDUC</subfield>
         <subfield code="n">126</subfield>
         <subfield code="p">$150.00</subfield>
         <subfield code="r">Y</subfield>
         <subfield code="s">Y</subfield>
         <subfield code="t">SHORT_LOAN</subfield>
         <subfield code="u">1/21/2015</subfield>
      </datafield>
      <datafield ind1=" " ind2=" " tag="926">
         <subfield code="a">HQ 796 M386 2015</subfield>
         <subfield code="w">LC</subfield>
         <subfield code="c">1</subfield>
         <subfield code="i">0162034598050</subfield>
         <subfield code="d">4/7/2017</subfield>
         <subfield code="e">4/7/2017</subfield>
         <subfield code="l">RESERVES</subfield>
         <subfield code="m">UAHSS</subfield>
         <subfield code="n">48</subfield>
         <subfield code="p">$150.00</subfield>
         <subfield code="r">Y</subfield>
         <subfield code="s">Y</subfield>
         <subfield code="t">SHORT_LOAN</subfield>
         <subfield code="u">12/16/2014</subfield>
         <subfield code="0">TEXTBOOK</subfield>
      </datafield>
      <datafield ind1=" " ind2=" " tag="926">
         <subfield code="a">HQ 796 M386 2015</subfield>
         <subfield code="w">LC</subfield>
         <subfield code="c">2</subfield>
         <subfield code="i">0162033616218</subfield>
         <subfield code="d">4/10/2017</subfield>
         <subfield code="e">4/10/2017</subfield>
         <subfield code="l">RESERVES</subfield>
         <subfield code="m">UAHSS</subfield>
         <subfield code="n">78</subfield>
         <subfield code="p">$150.00</subfield>
         <subfield code="r">Y</subfield>
         <subfield code="s">Y</subfield>
         <subfield code="t">SHORT_LOAN</subfield>
         <subfield code="u">1/5/2015</subfield>
         <subfield code="0">TEXTBOOK</subfield>
      </datafield>
      <datafield ind1=" " ind2=" " tag="926">
         <subfield code="a">HQ 796 M386 2015</subfield>
         <subfield code="w">LC</subfield>
         <subfield code="c">3</subfield>
         <subfield code="i">0162033617166</subfield>
         <subfield code="d">4/7/2017</subfield>
         <subfield code="e">4/7/2017</subfield>
         <subfield code="l">RESERVES</subfield>
         <subfield code="m">UAHSS</subfield>
         <subfield code="n">28</subfield>
         <subfield code="p">$150.00</subfield>
         <subfield code="r">Y</subfield>
         <subfield code="s">Y</subfield>
         <subfield code="t">SHORT_LOAN</subfield>
         <subfield code="u">1/9/2015</subfield>
         <subfield code="0">TEXTBOOK</subfield>
      </datafield>
   </record>
</collection>
